<?xml version="1.0" encoding="UTF-8"?><collection xmlns="http://www.loc.gov/MARC21/slim"><record><leader>00347nam--2200145-i-4500</leader><controlfield tag="001">000020716</controlfield><controlfield tag="002">20161230</controlfield><controlfield tag="005">20161230201033</controlfield><controlfield tag="008">060222s1000------------r-----000-0-eng-d</controlfield><datafield ind1=" " ind2=" " tag="020"><subfield code="a">83-90204</subfield></datafield><datafield ind1=" " ind2=" " tag="080"><subfield code="a">539.12.01</subfield></datafield><datafield ind1=" " ind2=" " tag="100"><subfield code="a">Kowalczynski, Jerzy Klements</subfield></datafield><datafield ind1=" " ind2=" " tag="245"><subfield code="a">Thse tachyon and its fields</subfield></datafield><datafield ind1=" " ind2=" " tag="260"><subfield code="a">Warsaw, 1996. 153 P</subfield></datafield><datafield ind1=" " ind2=" " tag="852"><subfield code="a">80619</subfield></datafield></record></collection>